
<marc:record><marc:leader>02077nam a2200433 i 4500</marc:leader>
<marc:controlfield tag="001">001193870</marc:controlfield>
<marc:controlfield tag="005">20220729152152.0</marc:controlfield><marc:controlfield tag="006">m     o  d f      </marc:controlfield><marc:controlfield tag="007">cr |||||||||||</marc:controlfield><marc:controlfield tag="008">220729s1995    dcu     ob   f000 0 eng  </marc:controlfield><marc:datafield tag="010" ind1=" " ind2=" "><marc:subfield code="a">2019670643</marc:subfield></marc:datafield><marc:datafield tag="035" ind1=" " ind2=" "><marc:subfield code="a">(OCoLC)1337868032</marc:subfield></marc:datafield><marc:datafield tag="040" ind1=" " ind2=" "><marc:subfield code="a">DLC</marc:subfield><marc:subfield code="b">eng</marc:subfield><marc:subfield code="e">rda</marc:subfield><marc:subfield code="e">pn</marc:subfield><marc:subfield code="c">GPO</marc:subfield></marc:datafield><marc:datafield tag="042" ind1=" " ind2=" "><marc:subfield code="a">pcc</marc:subfield></marc:datafield><marc:datafield tag="074" ind1=" " ind2=" "><marc:subfield code="a">0818-J-06 (online)</marc:subfield></marc:datafield><marc:datafield tag="086" ind1="0" ind2=" "><marc:subfield code="a">LC 42.20:AF 2</marc:subfield></marc:datafield><marc:datafield tag="088" ind1=" " ind2=" "><marc:subfield code="a">LRA-D-PUB-001236</marc:subfield></marc:datafield><marc:datafield tag="245" ind1="0" ind2="0"><marc:subfield code="a">Affirmative action - labor law.</marc:subfield></marc:datafield><marc:datafield tag="264" ind1=" " ind2="1"><marc:subfield code="a">[Washington, D.C.] :</marc:subfield><marc:subfield code="b">The Law Library of Congress, Global Legal Research Directorate,</marc:subfield><marc:subfield code="c">1995.</marc:subfield></marc:datafield><marc:datafield tag="300" ind1=" " ind2=" "><marc:subfield code="a">1 online resource (16 pages)</marc:subfield></marc:datafield><marc:datafield tag="336" ind1=" " ind2=" "><marc:subfield code="a">text</marc:subfield><marc:subfield code="b">txt</marc:subfield><marc:subfield code="2">rdacontent</marc:subfield></marc:datafield><marc:datafield tag="337" ind1=" " ind2=" "><marc:subfield code="a">computer</marc:subfield><marc:subfield code="b">c</marc:subfield><marc:subfield code="2">rdamedia</marc:subfield></marc:datafield><marc:datafield tag="338" ind1=" " ind2=" "><marc:subfield code="a">online resource</marc:subfield><marc:subfield code="b">cr</marc:subfield><marc:subfield code="2">rdacarrier</marc:subfield></marc:datafield><marc:datafield tag="500" ind1=" " ind2=" "><marc:subfield code="a">&quot;LL file no. 1995-1647.&quot;</marc:subfield></marc:datafield><marc:datafield tag="500" ind1=" " ind2=" "><marc:subfield code="a">&quot;March 1995.&quot;</marc:subfield></marc:datafield><marc:datafield tag="500" ind1=" " ind2=" "><marc:subfield code="a">&quot;Australia, Canada, Cuba, Guyana, India, Indonesia, Malaysia, Nigeria, Northern Ireland, Pakistan, South Africa, Sri Lanka.&quot;</marc:subfield></marc:datafield><marc:datafield tag="504" ind1=" " ind2=" "><marc:subfield code="a">Includes bibliographical references.</marc:subfield></marc:datafield><marc:datafield tag="505" ind1="0" ind2="0"><marc:subfield code="t">Australia /</marc:subfield><marc:subfield code="r">Kersi B. Shroff --</marc:subfield><marc:subfield code="t">Canada /</marc:subfield><marc:subfield code="r">Stephen F. Clarke --</marc:subfield><marc:subfield code="t">Cuba /</marc:subfield><marc:subfield code="r">Norman Guiterrez --</marc:subfield><marc:subfield code="t">Guyana /</marc:subfield><marc:subfield code="r">Stephen F. Clarke --</marc:subfield><marc:subfield code="t">India /</marc:subfield><marc:subfield code="r">Krishan S. Nehra --</marc:subfield><marc:subfield code="t">Indonesia /</marc:subfield><marc:subfield code="r">Mya Saw Shin --</marc:subfield><marc:subfield code="t">Malaysia /</marc:subfield><marc:subfield code="r">Mya Saw Shin --</marc:subfield><marc:subfield code="t">Nigeria /</marc:subfield><marc:subfield code="r">Ruth Levush --</marc:subfield><marc:subfield code="t">Northern Ireland /</marc:subfield><marc:subfield code="r">Kersi B. Shroff --</marc:subfield><marc:subfield code="t">Pakistan /</marc:subfield><marc:subfield code="r">Krishan S. Nehra /</marc:subfield><marc:subfield code="t">South Africa /</marc:subfield><marc:subfield code="r">Belma Bayar /</marc:subfield><marc:subfield code="t">Sri Lanka /</marc:subfield><marc:subfield code="r">Krishan S. Nehra /</marc:subfield><marc:subfield code="t">Bibliography /</marc:subfield><marc:subfield code="r">Donald DeGlopper.</marc:subfield></marc:datafield><marc:datafield tag="588" ind1=" " ind2=" "><marc:subfield code="a">Description based on online resource; title from PDF cover (Law Library of Congress, viewed July 26, 2022).</marc:subfield></marc:datafield><marc:datafield tag="650" ind1=" " ind2="0"><marc:subfield code="a">Affirmative action programs</marc:subfield><marc:subfield code="x">Law and legislation.</marc:subfield></marc:datafield><marc:datafield tag="650" ind1=" " ind2="0"><marc:subfield code="a">Discrimination in employment</marc:subfield><marc:subfield code="x">Law and legislation.</marc:subfield></marc:datafield><marc:datafield tag="710" ind1="2" ind2=" "><marc:subfield code="a">Law Library of Congress (U.S.).</marc:subfield><marc:subfield code="b">Global Legal Research Directorate,</marc:subfield><marc:subfield code="e">issuing body.</marc:subfield></marc:datafield><marc:datafield tag="856" ind1="4" ind2="0"><marc:subfield code="u">https://purl.fdlp.gov/GPO/gpo184016</marc:subfield><marc:subfield code="7">0</marc:subfield></marc:datafield><marc:datafield tag="856" ind1="4" ind2=" "><marc:subfield code="z">Address at time of PURL creation</marc:subfield><marc:subfield code="u">https://hdl.loc.gov/loc.law/llglrd.2019670643</marc:subfield></marc:datafield><marc:datafield tag="994" ind1=" " ind2=" "><marc:subfield code="a">C0</marc:subfield><marc:subfield code="b">GPO</marc:subfield></marc:datafield><marc:datafield tag="049" ind1=" " ind2=" "><marc:subfield code="a">XZL4</marc:subfield></marc:datafield><marc:datafield tag="955" ind1=" " ind2=" "><marc:subfield code="a">bc57 20220729</marc:subfield><marc:subfield code="b">20220729</marc:subfield></marc:datafield><marc:datafield tag="922" ind1=" " ind2=" "><marc:subfield code="a">BIBCONEW</marc:subfield><marc:subfield code="b">20220729</marc:subfield></marc:datafield><marc:datafield tag="922" ind1=" " ind2=" "><marc:subfield code="a">LCLAWLIB</marc:subfield></marc:datafield></marc:record>
</marc:collection>
